<record><leader>00000cas a2200000 a 4500</leader><controlfield tag="001">11328236</controlfield><controlfield tag="007">hd afb---buuu</controlfield><controlfield tag="008">841030c19639999ohuwr nea     0    0rus c</controlfield><datafield ind1=" " ind2=" " tag="010"><subfield code="a">sf 91090035 </subfield><subfield code="z">sn 86026144 </subfield></datafield><datafield ind1=" " ind2=" " tag="040"><subfield code="a">EEM</subfield><subfield code="b">eng</subfield><subfield code="c">EEM</subfield><subfield code="d">IUL</subfield><subfield code="d">DLC</subfield><subfield code="d">IUL</subfield><subfield code="d">DLC</subfield><subfield code="d">OCLCQ</subfield><subfield code="d">IUL</subfield><subfield code="d">OCLCO</subfield><subfield code="d">OCLCQ</subfield><subfield code="d">OCLCF</subfield><subfield code="d">OCLCO</subfield></datafield><datafield ind1=" " ind2=" " tag="066"><subfield code="c">(N</subfield></datafield><datafield ind1=" " ind2=" " tag="012"><subfield code="i">8609</subfield></datafield><datafield ind1="1" ind2=" " tag="029"><subfield code="a">AU@</subfield><subfield code="b">000004904387</subfield></datafield><datafield ind1=" " ind2=" " tag="042"><subfield code="a">pcc</subfield></datafield><datafield ind1=" " ind2=" " tag="043"><subfield code="a">e-ru---</subfield></datafield><datafield ind1="0" ind2="0" tag="050"><subfield code="a">AP50</subfield><subfield code="b">.L519</subfield></datafield><datafield ind1="0" ind2="0" tag="245"><subfield code="6">880-01</subfield><subfield code="a">Literaturnai&#65056;a&#65057; Rossii&#65056;a&#65057;</subfield><subfield code="h">[microform] :</subfield><subfield code="b">ezhenedel&#697;nik Pravlenii&#65056;a&#65057; Soi&#65056;u&#65057;za pisatelei&#774; RSFSR i Pravlenii&#65056;a&#65057; Moskovskogo otdelenii&#65056;a&#65057; Soi&#65056;u&#65057;za pisatelei&#774; RSFSR.</subfield></datafield><datafield ind1=" " ind2=" " tag="260"><subfield code="6">880-02</subfield><subfield code="a">[Moskva :</subfield><subfield code="b">Soi&#65056;u&#65057;z]</subfield></datafield><datafield ind1=" " ind2=" " tag="300"><subfield code="a">v. :</subfield><subfield code="b">ill. ;</subfield><subfield code="c">43 cm.</subfield></datafield><datafield ind1=" " ind2=" " tag="310"><subfield code="a">Weekly</subfield></datafield><datafield ind1="1" ind2=" " tag="362"><subfield code="a">Began in 1963.</subfield></datafield><datafield ind1=" " ind2=" " tag="515"><subfield code="a">Issues for &lt;Jan. 1, 1965-&gt; called also: &lt;105-&gt;</subfield></datafield><datafield ind1=" " ind2=" " tag="550"><subfield code="6">880-03</subfield><subfield code="a">&quot;Ezhenedel&#697;nai&#65056;a&#65057; gazeta Pravlenii&#65056;a&#65057; Soi&#65056;u&#65057;za pisatelei&#774; RSFSR i Pravlenii&#65056;a&#65057; Moskovskoi&#774; pisatel&#697;skoi&#774; organizat&#65056;s&#65057;ii, &lt;1979-&gt;</subfield></datafield><datafield ind1=" " ind2=" " tag="588"><subfield code="6">880-04</subfield><subfield code="a">Description based on: G. izd. 3-i&#774;, 1 (1 i&#65056;a&#65057;nv. 1965 g.); title from caption.</subfield></datafield><datafield ind1=" " ind2=" " tag="533"><subfield code="a">Microfilm.</subfield><subfield code="b">Wooster, Ohio :</subfield><subfield code="c">Bell &amp; Howell, Micro Photo Division [dist. by University Microfilms International].</subfield><subfield code="e">microfilm reels ; 35 mm.</subfield></datafield><datafield ind1=" " ind2="0" tag="650"><subfield code="a">Russian literature</subfield><subfield code="v">Periodicals.</subfield></datafield><datafield ind1=" " ind2="0" tag="650"><subfield code="a">Russian literature</subfield><subfield code="x">History and criticism</subfield><subfield code="v">Periodicals.</subfield></datafield><datafield ind1=" " ind2="0" tag="651"><subfield code="a">Moscow (Russia)</subfield><subfield code="v">Newspapers.</subfield></datafield><datafield ind1=" " ind2="7" tag="655"><subfield code="a">Criticism, interpretation, etc.</subfield><subfield code="2">fast</subfield><subfield code="0">(OCoLC)fst01411635</subfield></datafield><datafield ind1=" " ind2="7" tag="655"><subfield code="a">Newspapers.</subfield><subfield code="2">fast</subfield><subfield code="0">(OCoLC)fst01423814</subfield></datafield><datafield ind1=" " ind2="7" tag="655"><subfield code="a">Periodicals.</subfield><subfield code="2">fast</subfield><subfield code="0">(OCoLC)fst01411641</subfield></datafield><datafield ind1=" " ind2="7" tag="650"><subfield code="a">Russian literature.</subfield><subfield code="2">fast</subfield><subfield code="0">(OCoLC)fst01102312</subfield></datafield><datafield ind1=" " ind2="7" tag="651"><subfield code="a">Russia (Federation)</subfield><subfield code="z">Moscow.</subfield><subfield code="2">fast</subfield><subfield code="0">(OCoLC)fst01205741</subfield></datafield><datafield ind1="2" ind2=" " tag="710"><subfield code="6">880-05</subfield><subfield code="a">Soi&#65056;u&#65057;z pisatelei&#774; RSFSR.</subfield><subfield code="b">Pravlenie.</subfield></datafield><datafield ind1="2" ind2=" " tag="710"><subfield code="6">880-06</subfield><subfield code="a">Soi&#65056;u&#65057;z pisatelei&#774; RSFSR.</subfield><subfield code="b">Moskovskoe otdelenie.</subfield><subfield code="b">Pravlenie.</subfield></datafield><datafield ind1="2" ind2=" " tag="710"><subfield code="6">880-07</subfield><subfield code="a">Moskovskai&#65056;a&#65057; pisatel&#697;skai&#65056;a&#65057; organizat&#65056;s&#65057;ii&#65056;a&#65057; (R.S.F.S.R.).</subfield><subfield code="b">Pravlenie.</subfield></datafield><datafield ind1=" " ind2=" " tag="752"><subfield code="a">Russia (Federation)</subfield><subfield code="d">Moscow.</subfield></datafield><datafield ind1="1" ind2=" " tag="776"><subfield code="6">880-08</subfield><subfield code="t">Literaturnai&#65056;a&#65057; Rossii&#65056;a&#65057;</subfield><subfield code="w">(DLC)sn 93043124</subfield><subfield code="w">(OCoLC)2263625</subfield></datafield><datafield ind1="0" ind2="0" tag="780"><subfield code="6">880-09</subfield><subfield code="t">Literatura i zhizn&#697;</subfield><subfield code="w">(OCoLC)15679578</subfield></datafield><datafield ind1=" " ind2=" " tag="850"><subfield code="a">DLC</subfield><subfield code="a">InU</subfield></datafield><datafield ind1="0" ind2="0" tag="880"><subfield code="6">245-01/(N</subfield><subfield code="a">&#1051;&#1080;&#1090;&#1077;&#1088;&#1072;&#1090;&#1091;&#1088;&#1085;&#1072;&#1103; &#1056;&#1086;&#1089;&#1089;&#1080;&#1103;</subfield><subfield code="h">[microform] :</subfield><subfield code="b">&#1077;&#1078;&#1077;&#1085;&#1077;&#1076;&#1077;&#1083;&#1100;&#1085;&#1080;&#1082; &#1055;&#1088;&#1072;&#1074;&#1083;&#1077;&#1085;&#1080;&#1103; &#1057;&#1086;&#1102;&#1079;&#1072; &#1087;&#1080;&#1089;&#1072;&#1090;&#1077;&#1083;&#1077;&#1081; &#1056;&#1057;&#1060;&#1057;&#1056; &#1080; &#1055;&#1088;&#1072;&#1074;&#1083;&#1077;&#1085;&#1080;&#1103; &#1052;&#1086;&#1089;&#1082;&#1086;&#1074;&#1089;&#1082;&#1086;&#1075;&#1086; &#1086;&#1090;&#1076;&#1077;&#1083;&#1077;&#1085;&#1080;&#1103; &#1057;&#1086;&#1102;&#1079;&#1072; &#1087;&#1080;&#1089;&#1072;&#1090;&#1077;&#1083;&#1077;&#1081; &#1056;&#1057;&#1060;&#1057;&#1056;.</subfield></datafield><datafield ind1=" " ind2=" " tag="880"><subfield code="6">260-02/(N</subfield><subfield code="a">[&#1052;&#1086;&#1089;&#1082;&#1074;&#1072; :</subfield><subfield code="b">&#1057;&#1086;&#1102;&#1079;]</subfield></datafield><datafield ind1=" " ind2=" " tag="880"><subfield code="6">550-03/(N</subfield><subfield code="a">&quot;&#1045;&#1078;&#1077;&#1085;&#1077;&#1076;&#1077;&#1083;&#1100;&#1085;&#1072;&#1103; &#1075;&#1072;&#1079;&#1077;&#1090;&#1072; &#1055;&#1088;&#1072;&#1074;&#1083;&#1077;&#1085;&#1080;&#1103; &#1057;&#1086;&#1102;&#1079;&#1072; &#1087;&#1080;&#1089;&#1072;&#1090;&#1077;&#1083;&#1077;&#1081; &#1056;&#1057;&#1060;&#1057;&#1056; &#1080; &#1055;&#1088;&#1072;&#1074;&#1083;&#1077;&#1085;&#1080;&#1103; &#1052;&#1086;&#1089;&#1082;&#1086;&#1074;&#1089;&#1082;&#1086;&#1081; &#1087;&#1080;&#1089;&#1072;&#1090;&#1077;&#1083;&#1100;&#1089;&#1082;&#1086;&#1081; &#1086;&#1088;&#1075;&#1072;&#1085;&#1080;&#1079;&#1072;&#1094;&#1080;&#1080;, &lt;1979-&gt;</subfield></datafield><datafield ind1=" " ind2=" " tag="880"><subfield code="6">588-04/(N</subfield><subfield code="a">Description based on: &#1043;. &#1080;&#1079;&#1076;. 3-&#1081;, 1 (1 &#1103;&#1085;&#1074;. 1965 &#1075;.); title from caption.</subfield></datafield><datafield ind1="2" ind2=" " tag="880"><subfield code="6">710-05/(N</subfield><subfield code="a">&#1057;&#1086;&#1102;&#1079; &#1087;&#1080;&#1089;&#1072;&#1090;&#1077;&#1083;&#1077;&#1081; &#1056;&#1057;&#1060;&#1057;&#1056;.</subfield><subfield code="b">&#1055;&#1088;&#1072;&#1074;&#1083;&#1077;&#1085;&#1080;&#1077;.</subfield></datafield><datafield ind1="2" ind2=" " tag="880"><subfield code="6">710-06/(N</subfield><subfield code="a">&#1057;&#1086;&#1102;&#1079; &#1087;&#1080;&#1089;&#1072;&#1090;&#1077;&#1083;&#1077;&#1081; &#1056;&#1057;&#1060;&#1057;&#1056;.</subfield><subfield code="b">&#1052;&#1086;&#1089;&#1082;&#1086;&#1074;&#1089;&#1082;&#1086;&#1077; &#1086;&#1090;&#1076;&#1077;&#1083;&#1077;&#1085;&#1080;&#1077;.</subfield><subfield code="b">&#1055;&#1088;&#1072;&#1074;&#1083;&#1077;&#1085;&#1080;&#1077;.</subfield></datafield><datafield ind1="2" ind2=" " tag="880"><subfield code="6">710-07/(N</subfield><subfield code="a">&#1052;&#1086;&#1089;&#1082;&#1086;&#1074;&#1089;&#1082;&#1072;&#1103; &#1087;&#1080;&#1089;&#1072;&#1090;&#1077;&#1083;&#1100;&#1089;&#1082;&#1072;&#1103; &#1086;&#1088;&#1075;&#1072;&#1085;&#1080;&#1079;&#1072;&#1094;&#1080;&#1103; (&#1056;.&#1057;.&#1060;.&#1057;.&#1056;.).</subfield><subfield code="b">&#1055;&#1088;&#1072;&#1074;&#1083;&#1077;&#1085;&#1080;&#1077;.</subfield></datafield><datafield ind1="1" ind2=" " tag="880"><subfield code="6">776-08/(N</subfield><subfield code="t">&#1051;&#1080;&#1090;&#1077;&#1088;&#1072;&#1090;&#1091;&#1088;&#1085;&#1072;&#1103; &#1056;&#1086;&#1089;&#1089;&#1080;&#1103;</subfield><subfield code="w">(DLC)sn 93043124</subfield><subfield code="w">(OCoLC)2263625</subfield></datafield><datafield ind1="0" ind2="0" tag="880"><subfield code="6">780-09/(N</subfield><subfield code="t">&#1051;&#1080;&#1090;&#1077;&#1088;&#1072;&#1090;&#1091;&#1088;&#1072; &#1080; &#1078;&#1080;&#1079;&#1085;&#1100;</subfield><subfield code="w">(OCoLC)15679578</subfield></datafield></record>